% Encoding: UTF-8
@inproceedings{DBLP:conf/nips/SabourFH17,
	author    = {Sara Sabour and
	Nicholas Frosst and
	Geoffrey E. Hinton},
	editor    = {Isabelle Guyon and
	Ulrike von Luxburg and
	Samy Bengio and
	Hanna M. Wallach and
	Rob Fergus and
	S. V. N. Vishwanathan and
	Roman Garnett},
	title     = {Dynamic Routing Between Capsules},
	booktitle = {Advances in Neural Information Processing Systems 30: Annual Conference
	on Neural Information Processing Systems 2017, December 4-9, 2017,
	Long Beach, CA, {USA}},
	pages     = {3856--3866},
	year      = {2017},
	timestamp = {Thu, 21 Jan 2021 15:15:21 +0100},
}
@article{corr/Ancheng2018,
	author    = {Ancheng Lin and
	Jun Li and
	Zhenyuan Ma},
	title     = {On Learning and Learned Representation with Dynamic Routing in Capsule
	Networks},
	journal   = {CoRR},
	volume    = {abs/1810.04041},
	year      = {2018},
	eprinttype = {arXiv},
	eprint    = {1810.04041},
	timestamp = {Tue, 30 Oct 2018 20:39:56 +0100},
}

@article{DBLP:journals/corr/Peer2018,
	author    = {David Peer and
	Sebastian Stabinger and
	Antonio Jose Rodr{\'{\i}}guez{-}S{\'{a}}nchez},
	title     = {Training Deep Capsule Networks},
	journal   = {CoRR},
	volume    = {abs/1812.09707},
	year      = {2018},
	eprinttype = {arXiv},
	eprint    = {1812.09707},
	timestamp = {Sat, 23 Jan 2021 01:20:17 +0100},
}

@inproceedings{nips/LenssenFL18,
	author    = {Jan Eric Lenssen and
	Matthias Fey and
	Pascal Libuschewski},
	editor    = {Samy Bengio and
	Hanna M. Wallach and
	Hugo Larochelle and
	Kristen Grauman and
	Nicol{\`{o}} Cesa{-}Bianchi and
	Roman Garnett},
	title     = {Group Equivariant Capsule Networks},
	booktitle = {Advances in Neural Information Processing Systems 31: Annual Conference
	on Neural Information Processing Systems 2018, NeurIPS 2018, December
	3-8, 2018, Montr{\'{e}}al, Canada},
	pages     = {8858--8867},
	year      = {2018},
	timestamp = {Thu, 21 Jan 2021 15:15:21 +0100},
}
@inproceedings{DBLP:conf/icann/HintonKW11,
	author    = {Geoffrey E. Hinton and
	Alex Krizhevsky and
	Sida D. Wang},
	editor    = {Timo Honkela and
	Wlodzislaw Duch and
	Mark A. Girolami and
	Samuel Kaski},
	title     = {Transforming Auto-Encoders},
	booktitle = {Artificial Neural Networks and Machine Learning - {ICANN} 2011 - 21st
	International Conference on Artificial Neural Networks, Espoo, Finland,
	June 14-17, 2011, Proceedings, Part {I}},
	series    = {Lecture Notes in Computer Science},
	volume    = {6791},
	pages     = {44--51},
	publisher = {Springer},
	year      = {2011},
	doi       = {10.1007/978-3-642-21735-7\_6},
	timestamp = {Sun, 02 Jun 2019 21:16:25 +0200},
}

@inproceedings{miccai/Jimenez-Sanchez18,
	author    = {Amelia Jim{\'{e}}nez{-}S{\'{a}}nchez and
	Shadi Albarqouni and
	Diana Mateus},
	editor    = {Danail Stoyanov and
	Zeike Taylor and
	Simone Balocco and
	Raphael Sznitman and
	Anne L. Martel and
	Lena Maier{-}Hein and
	Luc Duong and
	Guillaume Zahnd and
	Stefanie Demirci and
	Shadi Albarqouni and
	Su{-}Lin Lee and
	Stefano Moriconi and
	Veronika Cheplygina and
	Diana Mateus and
	Emanuele Trucco and
	Eric Granger and
	Pierre Jannin},
	title     = {Capsule Networks Against Medical Imaging Data Challenges},
	booktitle = {Intravascular Imaging and Computer Assisted Stenting - and - Large-Scale
	Annotation of Biomedical Data and Expert Label Synthesis - 7th Joint
	International Workshop, {CVII-STENT} 2018 and Third International
	Workshop, {LABELS} 2018, Held in Conjunction with {MICCAI} 2018, Granada,
	Spain, September 16, 2018, Proceedings},
	series    = {Lecture Notes in Computer Science},
	volume    = {11043},
	pages     = {150--160},
	publisher = {Springer},
	year      = {2018},
	doi       = {10.1007/978-3-030-01364-6\_17},
	timestamp = {Sun, 25 Jul 2021 11:52:41 +0200},
}

@inproceedings{nips/KosiorekSTH19,
	author    = {Adam R. Kosiorek and
	Sara Sabour and
	Yee Whye Teh and
	Geoffrey E. Hinton},
	editor    = {Hanna M. Wallach and
	Hugo Larochelle and
	Alina Beygelzimer and
	Florence d'Alch{\'{e}}{-}Buc and
	Emily B. Fox and
	Roman Garnett},
	title     = {Stacked Capsule Autoencoders},
	booktitle = {Advances in Neural Information Processing Systems 32: Annual Conference
	on Neural Information Processing Systems 2019, NeurIPS 2019, December
	8-14, 2019, Vancouver, BC, Canada},
	pages     = {15486--15496},
	year      = {2019},
	timestamp = {Thu, 21 Jan 2021 15:15:20 +0100},
}
@inproceedings{cvpr/GuT20,
	author    = {Jindong Gu and
	Volker Tresp},
	title     = {Improving the Robustness of Capsule Networks to Image Affine Transformations},
	booktitle = {2020 {IEEE/CVF} Conference on Computer Vision and Pattern Recognition,
	{CVPR} 2020, Seattle, WA, USA, June 13-19, 2020},
	pages     = {7283--7291},
	publisher = {Computer Vision Foundation / {IEEE}},
	year      = {2020},
	doi       = {10.1109/CVPR42600.2020.00731},
	timestamp = {Tue, 31 Aug 2021 14:00:04 +0200},
}

@inproceedings{DBLP:conf/iclr/VenkataramanBS20,
	author    = {Sai Raam Venkataraman and
	S. Balasubramanian and
	R. Raghunatha Sarma},
	title     = {Building Deep Equivariant Capsule Networks},
	booktitle = {8th International Conference on Learning Representations, {ICLR} 2020,
	Addis Ababa, Ethiopia, April 26-30, 2020},
	publisher = {OpenReview.net},
	year      = {2020},
	timestamp = {Thu, 07 May 2020 17:11:48 +0200},
}

@article{DBLP:journals/corr/Arjun2020,
	author    = {Arjun Punjabi and
	Jonas Schmid and
	Aggelos K. Katsaggelos},
	title     = {Examining the Benefits of Capsule Neural Networks},
	journal   = {CoRR},
	volume    = {abs/2001.10964},
	year      = {2020},
	eprinttype = {arXiv},
	eprint    = {2001.10964},
	timestamp = {Thu, 30 Jan 2020 18:46:36 +0100},
	bibsource = {dblp computer science bibliography, https://dblp.org}
}

@article{DBLP:journals/corr/Mazzia2021,
	author    = {Vittorio Mazzia and
	Francesco Salvetti and
	Marcello Chiaberge},
	title     = {Efficient-CapsNet: Capsule Network with Self-Attention Routing},
	journal   = {CoRR},
	volume    = {abs/2101.12491},
	year      = {2021},
	eprinttype = {arXiv},
	eprint    = {2101.12491},
	timestamp = {Tue, 02 Feb 2021 09:52:17 +0100},
	bibsource = {dblp computer science bibliography, https://dblp.org}
}
@article{DBLP:journals/soco/SunWYX21,
	author    = {Kun Sun and
	Xianbin Wen and
	Liming Yuan and
	Haixia Xu},
	title     = {Dense capsule networks with fewer parameters},
	journal   = {Soft Comput.},
	volume    = {25},
	number    = {10},
	pages     = {6927--6945},
	year      = {2021},
	doi       = {10.1007/s00500-021-05774-6},
	timestamp = {Mon, 23 Aug 2021 12:16:45 +0200},
	bibsource = {dblp computer science bibliography, https://dblp.org}
}
@article{DBLP:journals/corr/Nair2021,
	author    = {Prem Nair and
	Rohan Doshi and
	Stefan Keselj},
	title     = {Pushing the Limits of Capsule Networks},
	journal   = {CoRR},
	volume    = {abs/2103.08074},
	year      = {2021},
	eprinttype = {arXiv},
	eprint    = {2103.08074},
}
@inproceedings{DBLP:conf/icann/GugglbergerPR21,
	author    = {Josef Gugglberger and
	David Peer and
	Antonio Jose Rodr{\'{\i}}guez{-}S{\'{a}}nchez},
	editor    = {Igor Farkas and
	Paolo Masulli and
	Sebastian Otte and
	Stefan Wermter},
	title     = {Training Deep Capsule Networks with Residual Connections},
	booktitle = {Artificial Neural Networks and Machine Learning - {ICANN} 2021 - 30th
	International Conference on Artificial Neural Networks, Bratislava,
	Slovakia, September 14-17, 2021, Proceedings, Part {I}},
	series    = {Lecture Notes in Computer Science},
	volume    = {12891},
	pages     = {541--552},
	publisher = {Springer},
}

@inproceedings{cvpr/RajasegaranJJJS19,
	author    = {Jathushan Rajasegaran and
	Vinoj Jayasundara and
	Sandaru Jayasekara and
	Hirunima Jayasekara and
	Suranga Seneviratne and
	Ranga Rodrigo},
	title     = {DeepCaps: Going Deeper With Capsule Networks},
	booktitle = {{IEEE} Conference on Computer Vision and Pattern Recognition, {CVPR}
	2019, Long Beach, CA, USA, June 16-20, 2019},
	pages     = {10725--10733},
	publisher = {Computer Vision Foundation / {IEEE}},
	year      = {2019},
	doi       = {10.1109/CVPR.2019.01098},
	timestamp = {Mon, 30 Aug 2021 17:01:14 +0200},
	bibsource = {dblp computer science bibliography, https://dblp.org}
}
@inproceedings{aaai/EdrakiRS20,
	author    = {Marzieh Edraki and
	Nazanin Rahnavard and
	Mubarak Shah},
	title     = {SubSpace Capsule Network},
	booktitle = {The Thirty-Fourth {AAAI} Conference on Artificial Intelligence, {AAAI}
	2020, The Thirty-Second Innovative Applications of Artificial Intelligence
	Conference, {IAAI} 2020, The Tenth {AAAI} Symposium on Educational
	Advances in Artificial Intelligence, {EAAI} 2020, New York, NY, USA,
	February 7-12, 2020},
	pages     = {10745--10753},
	publisher = {{AAAI} Press},
	year      = {2020},
	timestamp = {Tue, 02 Feb 2021 08:00:14 +0100},
	bibsource = {dblp computer science bibliography, https://dblp.org}
}
@article{corr/Byerly2020,
	author    = {Adam Byerly and
	Tatiana Kalganova and
	Ian Dear},
	title     = {A Branching and Merging Convolutional Network with Homogeneous Filter
	Capsules},
	journal   = {CoRR},
	volume    = {abs/2001.09136},
	year      = {2020},
	eprinttype = {arXiv},
	eprint    = {2001.09136},
	timestamp = {Sat, 23 Jan 2021 01:17:27 +0100},
	bibsource = {dblp computer science bibliography, https://dblp.org}
}
@article{ijon/ByerlyKD21,
	author    = {Adam Byerly and
	Tatiana Kalganova and
	Ian Dear},
	title     = {No routing needed between capsules},
	journal   = {Neurocomputing},
	volume    = {463},
	pages     = {545--553},
	year      = {2021},
	doi       = {10.1016/j.neucom.2021.08.064},
	timestamp = {Mon, 18 Oct 2021 17:08:38 +0200},
	bibsource = {dblp computer science bibliography, https://dblp.org}
}
@inproceedings{iccvw/ChoiSIK19,
	author    = {Jaewoong Choi and
	Hyun Seo and
	Suii Im and
	Myungjoo Kang},
	title     = {Attention Routing Between Capsules},
	booktitle = {2019 {IEEE/CVF} International Conference on Computer Vision Workshops,
	{ICCV} Workshops 2019, Seoul, Korea (South), October 27-28, 2019},
	pages     = {1981--1989},
	publisher = {{IEEE}},
	year      = {2019},
	doi       = {10.1109/ICCVW.2019.00247},
	timestamp = {Thu, 12 Mar 2020 12:34:59 +0100},
	bibsource = {dblp computer science bibliography, https://dblp.org}
}
@article{corr/LaLonde2018,
	author    = {Rodney LaLonde and
	Ulas Bagci},
	title     = {Capsules for Object Segmentation},
	journal   = {CoRR},
	volume    = {abs/1804.04241},
	year      = {2018},
	url       = {http://arxiv.org/abs/1804.04241},
	eprinttype = {arXiv},
	eprint    = {1804.04241},
	timestamp = {Sat, 23 Jan 2021 01:12:27 +0100},
	biburl    = {https://dblp.org/rec/journals/corr/abs-1804-04241.bib},
	bibsource = {dblp computer science bibliography, https://dblp.org}
}
@inproceedings{nips/RibeiroLK20,
	author    = {Fabio De Sousa Ribeiro and
	Georgios Leontidis and
	Stefanos D. Kollias},
	editor    = {Hugo Larochelle and
	Marc'Aurelio Ranzato and
	Raia Hadsell and
	Maria{-}Florina Balcan and
	Hsuan{-}Tien Lin},
	title     = {Introducing Routing Uncertainty in Capsule Networks},
	booktitle = {Advances in Neural Information Processing Systems 33: Annual Conference
	on Neural Information Processing Systems 2020, NeurIPS 2020, December
	6-12, 2020, virtual},
	year      = {2020},
	timestamp = {Tue, 19 Jan 2021 15:57:31 +0100},
	biburl    = {https://dblp.org/rec/conf/nips/RibeiroLK20.bib},
	bibsource = {dblp computer science bibliography, https://dblp.org}
}
@inproceedings{DBLP:conf/aaai/Gu21,
	author    = {Jindong Gu},
	title     = {Interpretable Graph Capsule Networks for Object Recognition},
	booktitle = {Thirty-Fifth {AAAI} Conference on Artificial Intelligence, {AAAI}
	2021, Thirty-Third Conference on Innovative Applications of Artificial
	Intelligence, {IAAI} 2021, The Eleventh Symposium on Educational Advances
	in Artificial Intelligence, {EAAI} 2021, Virtual Event, February 2-9,
	2021},
	pages     = {1469--1477},
	publisher = {{AAAI} Press},
	year      = {2021},
	timestamp = {Wed, 02 Jun 2021 18:09:11 +0200},
	biburl    = {https://dblp.org/rec/conf/aaai/Gu21.bib},
	bibsource = {dblp computer science bibliography, https://dblp.org}
}
@inproceedings{iclr/HintonSF18,
	author    = {Geoffrey E. Hinton and
	Sara Sabour and
	Nicholas Frosst},
	title     = {Matrix capsules with {EM} routing},
	booktitle = {6th International Conference on Learning Representations, {ICLR} 2018,
	Vancouver, BC, Canada, April 30 - May 3, 2018, Conference Track Proceedings},
	publisher = {OpenReview.net},
	year      = {2018},
	timestamp = {Thu, 25 Jul 2019 14:25:47 +0200},
	biburl    = {https://dblp.org/rec/conf/iclr/HintonSF18.bib},
	bibsource = {dblp computer science bibliography, https://dblp.org}
}

@article{corr/Xi2017,
	author    = {Edgar Xi and
	Selina Bing and
	Yang Jin},
	title     = {Capsule Network Performance on Complex Data},
	journal   = {CoRR},
	volume    = {abs/1712.03480},
	year      = {2017},
	eprinttype = {arXiv},
	eprint    = {1712.03480},
	timestamp = {Mon, 13 Aug 2018 16:49:03 +0200},
	biburl    = {https://dblp.org/rec/journals/corr/abs-1712-03480.bib},
	bibsource = {dblp computer science bibliography, https://dblp.org}
}
@inproceedings{iclr/Wang018,
	author    = {Dilin Wang and
	Qiang Liu},
	title     = {An Optimization View on Dynamic Routing Between Capsules},
	booktitle = {6th International Conference on Learning Representations, {ICLR} 2018,
	Vancouver, BC, Canada, April 30 - May 3, 2018, Workshop Track Proceedings},
	publisher = {OpenReview.net},
	year      = {2018},
	timestamp = {Thu, 04 Apr 2019 13:20:09 +0200},
	biburl    = {https://dblp.org/rec/conf/iclr/Wang018.bib},
	bibsource = {dblp computer science bibliography, https://dblp.org}
}
@article{corr/Anand2020,
	author    = {Sai Raam Venkatraman and
	Ankit Anand and
	S. Balasubramanian and
	R. Raghunatha Sarma},
	title     = {Learning Compositional Structures for Deep Learning: Why Routing-by-agreement
	is Necessary},
	journal   = {CoRR},
	volume    = {abs/2010.01488},
	year      = {2020},
	eprinttype = {arXiv},
	eprint    = {2010.01488},
	timestamp = {Mon, 12 Oct 2020 17:53:10 +0200},
	biburl    = {https://dblp.org/rec/journals/corr/abs-2010-01488.bib},
	bibsource = {dblp computer science bibliography, https://dblp.org}
}
@article{corr/Peer2018,
	author    = {David Peer and
	Sebastian Stabinger and
	Antonio Jose Rodr{\'{\i}}guez{-}S{\'{a}}nchez},
	title     = {Training Deep Capsule Networks},
	journal   = {CoRR},
	volume    = {abs/1812.09707},
	year      = {2018},
	eprinttype = {arXiv},
	eprint    = {1812.09707},
	timestamp = {Sat, 23 Jan 2021 01:20:17 +0100},
	biburl    = {https://dblp.org/rec/journals/corr/abs-1812-09707.bib},
	bibsource = {dblp computer science bibliography, https://dblp.org}
}
@inproceedings{iclr/TsaiSGS20,
	author    = {Yao{-}Hung Hubert Tsai and
	Nitish Srivastava and
	Hanlin Goh and
	Ruslan Salakhutdinov},
	title     = {Capsules with Inverted Dot-Product Attention Routing},
	booktitle = {8th International Conference on Learning Representations, {ICLR} 2020,
	Addis Ababa, Ethiopia, April 26-30, 2020},
	publisher = {OpenReview.net},
	year      = {2020},
	timestamp = {Thu, 07 May 2020 17:11:47 +0200},
	biburl    = {https://dblp.org/rec/conf/iclr/TsaiSGS20.bib},
	bibsource = {dblp computer science bibliography, https://dblp.org}
}
@inproceedings{icann/HintonKW11,
	author    = {Geoffrey E. Hinton and
	Alex Krizhevsky and
	Sida D. Wang},
	editor    = {Timo Honkela and
	Wlodzislaw Duch and
	Mark A. Girolami and
	Samuel Kaski},
	title     = {Transforming Auto-Encoders},
	booktitle = {Artificial Neural Networks and Machine Learning - {ICANN} 2011 - 21st
	International Conference on Artificial Neural Networks, Espoo, Finland,
	June 14-17, 2011, Proceedings, Part {I}},
	series    = {Lecture Notes in Computer Science},
	volume    = {6791},
	pages     = {44--51},
	publisher = {Springer},
	year      = {2011},
	doi       = {10.1007/978-3-642-21735-7\_6},
	timestamp = {Sun, 02 Jun 2019 21:16:25 +0200},
	biburl    = {https://dblp.org/rec/conf/icann/HintonKW11.bib},
	bibsource = {dblp computer science bibliography, https://dblp.org}
}
@inproceedings{nips/SabourFH17,
	author    = {Sara Sabour and
	Nicholas Frosst and
	Geoffrey E. Hinton},
	editor    = {Isabelle Guyon and
	Ulrike von Luxburg and
	Samy Bengio and
	Hanna M. Wallach and
	Rob Fergus and
	S. V. N. Vishwanathan and
	Roman Garnett},
	title     = {Dynamic Routing Between Capsules},
	booktitle = {Advances in Neural Information Processing Systems 30: Annual Conference
	on Neural Information Processing Systems 2017, December 4-9, 2017,
	Long Beach, CA, {USA}},
	pages     = {3856--3866},
	year      = {2017},
	timestamp = {Thu, 21 Jan 2021 15:15:21 +0100},
	biburl    = {https://dblp.org/rec/conf/nips/SabourFH17.bib},
	bibsource = {dblp computer science bibliography, https://dblp.org}
}
@inproceedings{acml/PaikKK19,
	author    = {Inyoung Paik and
	Taeyeong Kwak and
	Injung Kim},
	editor    = {Wee Sun Lee and
	Taiji Suzuki},
	title     = {Capsule Networks Need an Improved Routing Algorithm},
	booktitle = {Proceedings of The 11th Asian Conference on Machine Learning, {ACML}
	2019, 17-19 November 2019, Nagoya, Japan},
	series    = {Proceedings of Machine Learning Research},
	volume    = {101},
	pages     = {489--502},
	publisher = {{PMLR}},
	year      = {2019},
	timestamp = {Mon, 18 Nov 2019 16:57:55 +0100},
	biburl    = {https://dblp.org/rec/conf/acml/PaikKK19.bib},
	bibsource = {dblp computer science bibliography, https://dblp.org}
}
@article{corr/Mandal2019,
	author    = {Bodhisatwa Mandal and
	Swarnendu Ghosh and
	Ritesh Sarkhel and
	Nibaran Das and
	Mita Nasipuri},
	title     = {Using dynamic routing to extract intermediate features for developing
	scalable capsule networks},
	journal   = {CoRR},
	volume    = {abs/1907.06062},
	year      = {2019},
	eprinttype = {arXiv},
	eprint    = {1907.06062},
	timestamp = {Wed, 17 Jul 2019 10:27:36 +0200},
	biburl    = {https://dblp.org/rec/journals/corr/abs-1907-06062.bib},
	bibsource = {dblp computer science bibliography, https://dblp.org}
}
@article{corr/Zhao2019,
	author    = {Zhen Zhao and
	Ashley Kleinhans and
	Gursharan Sandhu and
	Ishan Patel and
	K. P. Unnikrishnan},
	title     = {Fast Inference in Capsule Networks Using Accumulated Routing Coefficients},
	journal   = {CoRR},
	volume    = {abs/1904.07304},
	year      = {2019},
	eprinttype = {arXiv},
	eprint    = {1904.07304},
	timestamp = {Thu, 25 Apr 2019 13:55:01 +0200},
	biburl    = {https://dblp.org/rec/journals/corr/abs-1904-07304.bib},
	bibsource = {dblp computer science bibliography, https://dblp.org}
}
@inproceedings{icann/PhongR19,
	author    = {Nguyen Huu Phong and
	Bernardete Ribeiro},
	editor    = {Igor V. Tetko and
	Vera Kurkov{\'{a}} and
	Pavel Karpov and
	Fabian J. Theis},
	title     = {Advanced Capsule Networks via Context Awareness},
	booktitle = {Artificial Neural Networks and Machine Learning - {ICANN} 2019: Theoretical
	Neural Computation - 28th International Conference on Artificial Neural
	Networks, Munich, Germany, September 17-19, 2019, Proceedings, Part
	{I}},
	series    = {Lecture Notes in Computer Science},
	volume    = {11727},
	pages     = {166--177},
	publisher = {Springer},
	year      = {2019},
	doi       = {10.1007/978-3-030-30487-4\_14},
	timestamp = {Sat, 19 Oct 2019 20:11:53 +0200},
	biburl    = {https://dblp.org/rec/conf/icann/PhongR19.bib},
	bibsource = {dblp computer science bibliography, https://dblp.org}
}
@article{corr/Ren2019,
	author    = {Hao Ren and
	Jianlin Su and
	Hong Lu},
	title     = {Evaluating Generalization Ability of Convolutional Neural Networks
	and Capsule Networks for Image Classification via Top-2 Classification},
	journal   = {CoRR},
	volume    = {abs/1901.10112},
	year      = {2019},
	eprinttype = {arXiv},
	eprint    = {1901.10112},
	timestamp = {Sat, 02 Feb 2019 16:56:00 +0100},
	biburl    = {https://dblp.org/rec/journals/corr/abs-1901-10112.bib},
	bibsource = {dblp computer science bibliography, https://dblp.org}
}
@article{corr/Lin2018,
	author    = {Ancheng Lin and
	Jun Li and
	Zhenyuan Ma},
	title     = {On Learning and Learned Representation with Dynamic Routing in Capsule
	Networks},
	journal   = {CoRR},
	volume    = {abs/1810.04041},
	year      = {2018},
	eprinttype = {arXiv},
	eprint    = {1810.04041},
	timestamp = {Tue, 30 Oct 2018 20:39:56 +0100},
	biburl    = {https://dblp.org/rec/journals/corr/abs-1810-04041.bib},
	bibsource = {dblp computer science bibliography, https://dblp.org}
}
@article{corr/Smith2020,
	author    = {Lewis Smith and
	Lisa Schut and
	Yarin Gal and
	Mark van der Wilk},
	title     = {Capsule Networks - {A} Probabilistic Perspective},
	journal   = {CoRR},
	volume    = {abs/2004.03553},
	year      = {2020},
	eprinttype = {arXiv},
	eprint    = {2004.03553},
	timestamp = {Wed, 08 Apr 2020 17:08:25 +0200},
	biburl    = {https://dblp.org/rec/journals/corr/abs-2004-03553.bib},
	bibsource = {dblp computer science bibliography, https://dblp.org}
}
@article{corr/ONeill2018,
	author    = {James O'Neill},
	title     = {Siamese Capsule Networks},
	journal   = {CoRR},
	volume    = {abs/1805.07242},
	year      = {2018},
	eprinttype = {arXiv},
	eprint    = {1805.07242},
	timestamp = {Mon, 26 Aug 2019 19:41:46 +0200},
	biburl    = {https://dblp.org/rec/journals/corr/abs-1805-07242.bib},
	bibsource = {dblp computer science bibliography, https://dblp.org}
}
@article{corr/Phong2020,
	author    = {Nguyen Huu Phong and
	Bernardete Ribeiro},
	title     = {An Improvement for Capsule Networks using Depthwise Separable Convolution},
	journal   = {CoRR},
	volume    = {abs/2007.15167},
	year      = {2020},
	eprinttype = {arXiv},
	eprint    = {2007.15167},
	timestamp = {Mon, 03 Aug 2020 14:32:13 +0200},
	biburl    = {https://dblp.org/rec/journals/corr/abs-2007-15167.bib},
	bibsource = {dblp computer science bibliography, https://dblp.org}
}
@article{corr/Fuchs2020,
	author    = {Alexander Fuchs and
	Franz Pernkopf},
	title     = {Wasserstein Routed Capsule Networks},
	journal   = {CoRR},
	volume    = {abs/2007.11465},
	year      = {2020},
	eprinttype = {arXiv},
	eprint    = {2007.11465},
	timestamp = {Wed, 29 Jul 2020 15:36:39 +0200},
	biburl    = {https://dblp.org/rec/journals/corr/abs-2007-11465.bib},
	bibsource = {dblp computer science bibliography, https://dblp.org}
}

@article{corr/Hoogi2019,
	title = {{Self-Attention Capsule Networks for Object Classification}},
	author = {Hoogi, Assaf AND Wilcox, Brian AND Gupta, Yachee AND Rubin, Daniel L.},
	url = {http://arxiv.org/abs/1904.12483},
	year = {2019},
	keywords = {{Computer Science - Computer Vision and Pattern Recognition}},
}
@inproceedings{aaai/RibeiroLK20,
	author    = {Fabio De Sousa Ribeiro and
	Georgios Leontidis and
	Stefanos D. Kollias},
	title     = {Capsule Routing via Variational Bayes},
	booktitle = {The Thirty-Fourth {AAAI} Conference on Artificial Intelligence, {AAAI}
	2020, The Thirty-Second Innovative Applications of Artificial Intelligence
	Conference, {IAAI} 2020, The Tenth {AAAI} Symposium on Educational
	Advances in Artificial Intelligence, {EAAI} 2020, New York, NY, USA,
	February 7-12, 2020},
	pages     = {3749--3756},
	publisher = {{AAAI} Press},
	year      = {2020},
	url       = {https://aaai.org/ojs/index.php/AAAI/article/view/5785},
	timestamp = {Tue, 02 Feb 2021 08:00:37 +0100},
	biburl    = {https://dblp.org/rec/conf/aaai/RibeiroLK20.bib},
	bibsource = {dblp computer science bibliography, https://dblp.org}
}
@article{corr/Marusaki2020,
	author    = {Kanako Marusaki and
	Hiroshi Watanabe},
	title     = {Capsule {GAN} Using Capsule Network for Generator Architecture},
	journal   = {CoRR},
	volume    = {abs/2003.08047},
	year      = {2020},
	url       = {https://arxiv.org/abs/2003.08047},
	eprinttype = {arXiv},
	eprint    = {2003.08047},
	timestamp = {Tue, 24 Mar 2020 16:42:29 +0100},
	biburl    = {https://dblp.org/rec/journals/corr/abs-2003-08047.bib},
	bibsource = {dblp computer science bibliography, https://dblp.org}
}
@inproceedings{nips/HahnPK19,
	author    = {Taeyoung Hahn and
	Myeongjang Pyeon and
	Gunhee Kim},
	editor    = {Hanna M. Wallach and
	Hugo Larochelle and
	Alina Beygelzimer and
	Florence d'Alch{\'{e}}{-}Buc and
	Emily B. Fox and
	Roman Garnett},
	title     = {Self-Routing Capsule Networks},
	booktitle = {Advances in Neural Information Processing Systems 32: Annual Conference
	on Neural Information Processing Systems 2019, NeurIPS 2019, December
	8-14, 2019, Vancouver, BC, Canada},
	pages     = {7656--7665},
	year      = {2019},
	url       = {https://proceedings.neurips.cc/paper/2019/hash/e46bc064f8e92ac2c404b9871b2a4ef2-Abstract.html},
	timestamp = {Thu, 21 Jan 2021 15:15:19 +0100},
	biburl    = {https://dblp.org/rec/conf/nips/HahnPK19.bib},
	bibsource = {dblp computer science bibliography, https://dblp.org}
}
@article{corr/Chen2018,
	author    = {Zhenhua Chen and
	David J. Crandall},
	title     = {Generalized Capsule Networks with Trainable Routing Procedure},
	journal   = {CoRR},
	volume    = {abs/1808.08692},
	year      = {2018},
	url       = {http://arxiv.org/abs/1808.08692},
	eprinttype = {arXiv},
	eprint    = {1808.08692},
	timestamp = {Sun, 02 Sep 2018 15:01:56 +0200},
	biburl    = {https://dblp.org/rec/journals/corr/abs-1808-08692.bib},
	bibsource = {dblp computer science bibliography, https://dblp.org}
}
@inproceedings{aaai/Gu21,
	author    = {Jindong Gu},
	title     = {Interpretable Graph Capsule Networks for Object Recognition},
	booktitle = {Thirty-Fifth {AAAI} Conference on Artificial Intelligence, {AAAI}
	2021, Thirty-Third Conference on Innovative Applications of Artificial
	Intelligence, {IAAI} 2021, The Eleventh Symposium on Educational Advances
	in Artificial Intelligence, {EAAI} 2021, Virtual Event, February 2-9,
	2021},
	pages     = {1469--1477},
	publisher = {{AAAI} Press},
	year      = {2021},
	url       = {https://ojs.aaai.org/index.php/AAAI/article/view/16237},
	timestamp = {Wed, 02 Jun 2021 18:09:11 +0200},
	biburl    = {https://dblp.org/rec/conf/aaai/Gu21.bib},
	bibsource = {dblp computer science bibliography, https://dblp.org}
}
@article{access/WangLYC21,
	author    = {Wei Wang and
	Feifei Lee and
	Shuai Yang and
	Qiu Chen},
	title     = {An Improved Capsule Network Based on Capsule Filter Routing},
	journal   = {{IEEE} Access},
	volume    = {9},
	pages     = {109374--109383},
	year      = {2021},
	url       = {https://doi.org/10.1109/ACCESS.2021.3102489},
	doi       = {10.1109/ACCESS.2021.3102489},
	timestamp = {Thu, 16 Sep 2021 17:59:55 +0200},
	biburl    = {https://dblp.org/rec/journals/access/WangLYC21.bib},
	bibsource = {dblp computer science bibliography, https://dblp.org}
}
@Comment{jabref-meta: databaseType:bibtex;}


@article{cogsci/Hinton79,
	author    = {Geoffrey E. Hinton},
	title     = {Some Demonstrations of the Effects of Structural Descriptions in Mental
	Imagery},
	journal   = {Cogn. Sci.},
	volume    = {3},
	number    = {3},
	pages     = {231--250},
	year      = {1979},
	url       = {https://doi.org/10.1207/s15516709cog0303\_3},
	doi       = {10.1207/s15516709cog0303\_3},
	timestamp = {Thu, 04 Jun 2020 19:37:11 +0200},
	biburl    = {https://dblp.org/rec/journals/cogsci/Hinton79.bib},
	bibsource = {dblp computer science bibliography, https://dblp.org}
}

@article{corr/Hinton2021,
	author    = {Geoffrey E. Hinton},
	title     = {How to represent part-whole hierarchies in a neural network},
	journal   = {CoRR},
	volume    = {abs/2102.12627},
	year      = {2021},
	url       = {https://arxiv.org/abs/2102.12627},
	eprinttype = {arXiv},
	eprint    = {2102.12627},
	timestamp = {Tue, 02 Mar 2021 12:11:01 +0100},
	biburl    = {https://dblp.org/rec/journals/corr/abs-2102-12627.bib},
	bibsource = {dblp computer science bibliography, https://dblp.org}
}

@inproceedings{acml/PaikKK19,
	author    = {Inyoung Paik and
	Taeyeong Kwak and
	Injung Kim},
	editor    = {Wee Sun Lee and
	Taiji Suzuki},
	title     = {Capsule Networks Need an Improved Routing Algorithm},
	booktitle = {Proceedings of The 11th Asian Conference on Machine Learning, {ACML}
	2019, 17-19 November 2019, Nagoya, Japan},
	series    = {Proceedings of Machine Learning Research},
	volume    = {101},
	pages     = {489--502},
	publisher = {{PMLR}},
	year      = {2019},
	url       = {http://proceedings.mlr.press/v101/paik19a.html},
	timestamp = {Mon, 18 Nov 2019 16:57:55 +0100},
	biburl    = {https://dblp.org/rec/conf/acml/PaikKK19.bib},
	bibsource = {dblp computer science bibliography, https://dblp.org}
}


@inproceedings{cvpr/GuT021,
	author    = {Jindong Gu and
	Volker Tresp and
	Han Hu},
	title     = {Capsule Network Is Not More Robust Than Convolutional Network},
	booktitle = {{IEEE} Conference on Computer Vision and Pattern Recognition, {CVPR}
	2021, virtual, June 19-25, 2021},
	pages     = {14309--14317},
	publisher = {Computer Vision Foundation / {IEEE}},
	year      = {2021},
	url       = {https://openaccess.thecvf.com/content/CVPR2021/html/Gu\_Capsule\_Network\_Is\_Not\_More\_Robust\_Than\_Convolutional\_Network\_CVPR\_2021\_paper.html},
	timestamp = {Mon, 30 Aug 2021 17:00:27 +0200},
	biburl    = {https://dblp.org/rec/conf/cvpr/GuT021.bib},
	bibsource = {dblp computer science bibliography, https://dblp.org}
}

@article{prl/PeerSR21,
	author    = {David Peer and
	Sebastian Stabinger and
	Antonio Jose Rodr{\'{\i}}guez{-}S{\'{a}}nchez},
	title     = {Limitation of capsule networks},
	journal   = {Pattern Recognit. Lett.},
	volume    = {144},
	pages     = {68--74},
	year      = {2021},
	url       = {https://doi.org/10.1016/j.patrec.2021.01.017},
	doi       = {10.1016/j.patrec.2021.01.017},
	timestamp = {Fri, 26 Mar 2021 08:38:25 +0100},
	biburl    = {https://dblp.org/rec/journals/prl/PeerSR21.bib},
	bibsource = {dblp computer science bibliography, https://dblp.org}
}

@article{corr/Michels19,
	author    = {Felix Michels and
	Tobias Uelwer and
	Eric Upschulte and
	Stefan Harmeling},
	title     = {On the Vulnerability of Capsule Networks to Adversarial Attacks},
	journal   = {CoRR},
	volume    = {abs/1906.03612},
	year      = {2019},
	url       = {http://arxiv.org/abs/1906.03612},
	eprinttype = {arXiv},
	eprint    = {1906.03612},
	timestamp = {Fri, 14 Jun 2019 09:38:24 +0200},
	biburl    = {https://dblp.org/rec/journals/corr/abs-1906-03612.bib},
	bibsource = {dblp computer science bibliography, https://dblp.org}
}

@article{corr/Rawlinson2018,
	author    = {David Rawlinson and
	Abdelrahman Ahmed and
	Gideon Kowadlo},
	title     = {Sparse Unsupervised Capsules Generalize Better},
	journal   = {CoRR},
	volume    = {abs/1804.06094},
	year      = {2018},
	url       = {http://arxiv.org/abs/1804.06094},
	eprinttype = {arXiv},
	eprint    = {1804.06094},
	timestamp = {Tue, 08 Sep 2020 09:00:37 +0200},
	biburl    = {https://dblp.org/rec/journals/corr/abs-1804-06094.bib},
	bibsource = {dblp computer science bibliography, https://dblp.org}
}

@inproceedings{cvpr/ChenJSWS18,
	author    = {Fuhai Chen and
	Rongrong Ji and
	Xiaoshuai Sun and
	Yongjian Wu and
	Jinsong Su},
	title     = {GroupCap: Group-Based Image Captioning With Structured Relevance and
	Diversity Constraints},
	booktitle = {2018 {IEEE} Conference on Computer Vision and Pattern Recognition,
	{CVPR} 2018, Salt Lake City, UT, USA, June 18-22, 2018},
	pages     = {1345--1353},
	publisher = {Computer Vision Foundation / {IEEE} Computer Society},
	year      = {2018},
	url       = {http://openaccess.thecvf.com/content\_cvpr\_2018/html/Chen\_GroupCap\_Group-Based\_Image\_CVPR\_2018\_paper.html},
	doi       = {10.1109/CVPR.2018.00146},
	timestamp = {Tue, 31 Aug 2021 14:00:32 +0200},
	biburl    = {https://dblp.org/rec/conf/cvpr/ChenJSWS18.bib},
	bibsource = {dblp computer science bibliography, https://dblp.org}
}

@article{spl/XiangZTZX18,
	author    = {Canqun Xiang and
	Lu Zhang and
	Yi Tang and
	Wenbin Zou and
	Chen Xu},
	title     = {MS-CapsNet: {A} Novel Multi-Scale Capsule Network},
	journal   = {{IEEE} Signal Process. Lett.},
	volume    = {25},
	number    = {12},
	pages     = {1850--1854},
	year      = {2018},
	url       = {https://doi.org/10.1109/LSP.2018.2873892},
	doi       = {10.1109/LSP.2018.2873892},
	timestamp = {Sat, 30 Nov 2019 16:31:42 +0100},
	biburl    = {https://dblp.org/rec/journals/spl/XiangZTZX18.bib},
	bibsource = {dblp computer science bibliography, https://dblp.org}
}

@inproceedings{eccv/LiGDOW18,
	author    = {Hongyang Li and
	Xiaoyang Guo and
	Bo Dai and
	Wanli Ouyang and
	Xiaogang Wang},
	editor    = {Vittorio Ferrari and
	Martial Hebert and
	Cristian Sminchisescu and
	Yair Weiss},
	title     = {Neural Network Encapsulation},
	booktitle = {Computer Vision - {ECCV} 2018 - 15th European Conference, Munich,
	Germany, September 8-14, 2018, Proceedings, Part {XI}},
	series    = {Lecture Notes in Computer Science},
	volume    = {11215},
	pages     = {266--282},
	publisher = {Springer},
	year      = {2018},
	url       = {https://doi.org/10.1007/978-3-030-01252-6\_16},
	doi       = {10.1007/978-3-030-01252-6\_16},
	timestamp = {Sat, 05 Sep 2020 18:00:50 +0200},
	biburl    = {https://dblp.org/rec/conf/eccv/LiGDOW18.bib},
	bibsource = {dblp computer science bibliography, https://dblp.org}
}

@article{corr/Hinton2021,
	author    = {Geoffrey E. Hinton},
	title     = {Some Demonstrations of the Effects of Structural Descriptions in Mental
	Imagery},
	journal   = {Cogn. Sci.},
	volume    = {3},
	number    = {3},
	pages     = {231--250},
	year      = {1979},
	url       = {https://doi.org/10.1207/s15516709cog0303\_3},
	doi       = {10.1207/s15516709cog0303\_3},
	timestamp = {Thu, 04 Jun 2020 19:37:11 +0200},
	biburl    = {https://dblp.org/rec/journals/cogsci/Hinton79.bib},
	bibsource = {dblp computer science bibliography, https://dblp.org}
}


@inproceedings{icml/SabourTYHF21,
	author    = {Sara Sabour and
	Andrea Tagliasacchi and
	Soroosh Yazdani and
	Geoffrey E. Hinton and
	David J. Fleet},
	editor    = {Marina Meila and
	Tong Zhang},
	title     = {Unsupervised Part Representation by Flow Capsules},
	booktitle = {Proceedings of the 38th International Conference on Machine Learning,
	{ICML} 2021, 18-24 July 2021, Virtual Event},
	series    = {Proceedings of Machine Learning Research},
	volume    = {139},
	pages     = {9213--9223},
	publisher = {{PMLR}},
	year      = {2021},
	url       = {http://proceedings.mlr.press/v139/sabour21a.html},
	timestamp = {Wed, 25 Aug 2021 17:11:17 +0200},
	biburl    = {https://dblp.org/rec/conf/icml/SabourTYHF21.bib},
	bibsource = {dblp computer science bibliography, https://dblp.org}
}
@inproceedings{nips/HahnPK19,
	author    = {Taeyoung Hahn and
	Myeongjang Pyeon and
	Gunhee Kim},
	editor    = {Hanna M. Wallach and
	Hugo Larochelle and
	Alina Beygelzimer and
	Florence d'Alch{\'{e}}{-}Buc and
	Emily B. Fox and
	Roman Garnett},
	title     = {Self-Routing Capsule Networks},
	booktitle = {Advances in Neural Information Processing Systems 32: Annual Conference
	on Neural Information Processing Systems 2019, NeurIPS 2019, December
	8-14, 2019, Vancouver, BC, Canada},
	pages     = {7656--7665},
	year      = {2019},
	url       = {https://proceedings.neurips.cc/paper/2019/hash/e46bc064f8e92ac2c404b9871b2a4ef2-Abstract.html},
	timestamp = {Thu, 21 Jan 2021 15:15:19 +0100},
	biburl    = {https://dblp.org/rec/conf/nips/HahnPK19.bib},
	bibsource = {dblp computer science bibliography, https://dblp.org}
}
@inproceedings{nips/AhmedT19,
	author    = {Karim Ahmed and
	Lorenzo Torresani},
	editor    = {Hanna M. Wallach and
	Hugo Larochelle and
	Alina Beygelzimer and
	Florence d'Alch{\'{e}}{-}Buc and
	Emily B. Fox and
	Roman Garnett},
	title     = {STAR-Caps: Capsule Networks with Straight-Through Attentive Routing},
	booktitle = {Advances in Neural Information Processing Systems 32: Annual Conference
	on Neural Information Processing Systems 2019, NeurIPS 2019, December
	8-14, 2019, Vancouver, BC, Canada},
	pages     = {9098--9107},
	year      = {2019},
	url       = {https://proceedings.neurips.cc/paper/2019/hash/cf040fc71060367913e81ac1eb050aea-Abstract.html},
	timestamp = {Thu, 21 Jan 2021 15:15:20 +0100},
	biburl    = {https://dblp.org/rec/conf/nips/AhmedT19.bib},
	bibsource = {dblp computer science bibliography, https://dblp.org}
}

@inproceedings{nips/LenssenFL18,
	author    = {Jan Eric Lenssen and
	Matthias Fey and
	Pascal Libuschewski},
	editor    = {Samy Bengio and
	Hanna M. Wallach and
	Hugo Larochelle and
	Kristen Grauman and
	Nicol{\`{o}} Cesa{-}Bianchi and
	Roman Garnett},
	title     = {Group Equivariant Capsule Networks},
	booktitle = {Advances in Neural Information Processing Systems 31: Annual Conference
	on Neural Information Processing Systems 2018, NeurIPS 2018, December
	3-8, 2018, Montr{\'{e}}al, Canada},
	pages     = {8858--8867},
	year      = {2018},
	url       = {https://proceedings.neurips.cc/paper/2018/hash/c7d0e7e2922845f3e1185d246d01365d-Abstract.html},
	timestamp = {Thu, 21 Jan 2021 15:15:21 +0100},
	biburl    = {https://dblp.org/rec/conf/nips/LenssenFL18.bib},
	bibsource = {dblp computer science bibliography, https://dblp.org}
}

@article{neco/LeCunBDHHHJ89,
	author    = {Yann LeCun and
	Bernhard E. Boser and
	John S. Denker and
	Donnie Henderson and
	Richard E. Howard and
	Wayne E. Hubbard and
	Lawrence D. Jackel},
	title     = {Backpropagation Applied to Handwritten Zip Code Recognition},
	journal   = {Neural Comput.},
	volume    = {1},
	number    = {4},
	pages     = {541--551},
	year      = {1989},
	url       = {https://doi.org/10.1162/neco.1989.1.4.541},
	doi       = {10.1162/neco.1989.1.4.541},
	timestamp = {Tue, 01 Sep 2020 13:11:41 +0200},
	biburl    = {https://dblp.org/rec/journals/neco/LeCunBDHHHJ89.bib},
	bibsource = {dblp computer science bibliography, https://dblp.org}
}

@inproceedings{nips/KrizhevskySH12,
	author    = {Alex Krizhevsky and
	Ilya Sutskever and
	Geoffrey E. Hinton},
	editor    = {Peter L. Bartlett and
	Fernando C. N. Pereira and
	Christopher J. C. Burges and
	L{\'{e}}on Bottou and
	Kilian Q. Weinberger},
	title     = {ImageNet Classification with Deep Convolutional Neural Networks},
	booktitle = {Advances in Neural Information Processing Systems 25: 26th Annual
	Conference on Neural Information Processing Systems 2012. Proceedings
	of a meeting held December 3-6, 2012, Lake Tahoe, Nevada, United States},
	pages     = {1106--1114},
	year      = {2012},
	url       = {https://proceedings.neurips.cc/paper/2012/hash/c399862d3b9d6b76c8436e924a68c45b-Abstract.html},
	timestamp = {Thu, 21 Jan 2021 15:15:23 +0100},
	biburl    = {https://dblp.org/rec/conf/nips/KrizhevskySH12.bib},
	bibsource = {dblp computer science bibliography, https://dblp.org}
}

@book{book/hawkins2021,
	title={A Thousand Brains: A New Theory of Intelligence},
	author={Hawkins, J. and Dawkins, R.},
	isbn={9781541675803},
	year={2021},
	publisher={Basic Books}
}
@book{book/Hiesinger2021,
	title={The Self-Assembling Brain},
	author={Peter Robin Hiesinger},
	isbn={9780691215518},
	year={2021},
	publisher={Princeton University Press}
}

@article{comacm/Bengio2021,
	author = {Yoshua Bengio, Yann Lecun, Geoffrey Hinton},
	title = {Deep Learning for AI},
	journal = {Commun. ACM},
	issue_date = {July 2021},
	volume = {64},
	number = {7},
	month = Jul,
	year = {2021},
	issn = {0001-0782},
	pages = {58--64},
	url = {https://cacm.acm.org/magazines/2021/7/253464-deep-learning-for-ai/},
	doi = {10.1145/3448250},
	publisher = {ACM},
	address = {New York, NY, USA},
}

@inproceedings{data/imagenet,
	title={Imagenet: A large-scale hierarchical image database},
	author={Deng, Jia and Dong, Wei and Socher, Richard and Li, Li-Jia and Li, Kai and Fei-Fei, Li},
	booktitle={2009 IEEE conference on computer vision and pattern recognition},
	pages={248--255},
	year={2009},
	organization={Ieee}
}

@article{corr/Wortsman2022,
	author    = {Mitchell Wortsman and
	Gabriel Ilharco and
	Samir Yitzhak Gadre and
	Rebecca Roelofs and
	Raphael Gontijo Lopes and
	Ari S. Morcos and
	Hongseok Namkoong and
	Ali Farhadi and
	Yair Carmon and
	Simon Kornblith and
	Ludwig Schmidt},
	title     = {Model soups: averaging weights of multiple fine-tuned models improves
	accuracy without increasing inference time},NEURIPS2021_20568692
	journal   = {CoRR},
	volume    = {abs/2203.05482},
	year      = {2022},
	url       = {https://doi.org/10.48550/arXiv.2203.05482},
	doi       = {10.48550/arXiv.2203.05482},
	eprinttype = {arXiv},
	eprint    = {2203.05482},
	timestamp = {Wed, 16 Mar 2022 16:41:29 +0100},
	biburl    = {https://dblp.org/rec/journals/corr/abs-2203-05482.bib},
	bibsource = {dblp computer science bibliography, https://dblp.org}
}

@proceedings{cvpr/Pham2021,
	title = {{Meta Pseudo Labels}},
	author = {Pham, Hieu AND Dai, Zihang AND Xie, Qizhe AND Le, Quoc V.},
	publisher = {{IEEE}},
	url = {http://dx.doi.org/10.1109/cvpr46437.2021.01139},
	year = {2021},
}


@inproceedings{nips/Zihang2021,
	author = {Dai, Zihang and Liu, Hanxiao and Le, Quoc V and Tan, Mingxing},
	booktitle = {Advances in Neural Information Processing Systems},
	editor = {M. Ranzato and A. Beygelzimer and Y. Dauphin and P.S. Liang and J. Wortman Vaughan},
	pages = {3965--3977},
	publisher = {Curran Associates, Inc.},
	title = {CoAtNet: Marrying Convolution and Attention for All Data Sizes},
	url = {https://proceedings.neurips.cc/paper/2021/file/20568692db622456cc42a2e853ca21f8-Paper.pdf},
	volume = {34},
	year = {2021}
}

@proceedings{ieee/Gu2020,
	title = {{Improving the Robustness of Capsule Networks to Image Affine Transformations}},
	author = {Gu, Jindong AND Tresp, Volker},
	publisher = {{IEEE}},
	url = {http://dx.doi.org/10.1109/cvpr42600.2020.00731},
	year = {2020},
}

@article{corr/michels2019,
	title={On the vulnerability of capsule networks to adversarial attacks},
	author={Michels, Felix and Uelwer, Tobias and Upschulte, Eric and Harmeling, Stefan},
	journal={arXiv preprint arXiv:1906.03612},
	year={2019}
}

@inproceedings{
	iclr/Gu2021,
	title={Effective and Efficient Vote Attack on Capsule Networks},
	author={Jindong Gu and Baoyuan Wu and Volker Tresp},
	booktitle={International Conference on Learning Representations},
	year={2021},
	url={https://openreview.net/forum?id=33rtZ4Sjwjn}
}
